<record xmlns="http://www.loc.gov/MARC21/slim">
  <leader>00692cam a2200229 | 4500</leader>
  <controlfield tag="001">98108</controlfield>
  <controlfield tag="008">091176s1911    sp                  cat  </controlfield>
  <datafield tag="035" ind1=" " ind2=" ">
    <subfield code="a">ocm13436238</subfield>
  </datafield>
  <datafield tag="039" ind1="0" ind2=" ">
    <subfield code="a">0150288H</subfield>
    <subfield code="f">ADR</subfield>
  </datafield>
  <datafield tag="040" ind1=" " ind2=" ">
    <subfield code="b">eng</subfield>
  </datafield>
  <datafield tag="041" ind1="0" ind2=" ">
    <subfield code="a">SPACATPOR</subfield>
  </datafield>
  <datafield tag="043" ind1=" " ind2=" ">
    <subfield code="a">e-sp---</subfield>
  </datafield>
  <datafield tag="049" ind1=" " ind2=" ">
    <subfield code="a">aeu</subfield>
    <subfield code="b">eng</subfield>
  </datafield>
  <datafield tag="050" ind1="0" ind2=" ">
    <subfield code="a">DP 302 M6</subfield>
    <subfield code="b">C32 1911</subfield>
  </datafield>
  <datafield tag="090" ind1="0" ind2="0">
    <subfield code="a">DP 302 M6 C32 1911</subfield>
    <subfield code="b">NO</subfield>
  </datafield>
  <datafield tag="100" ind1="2" ind2="0">
    <subfield code="a">Carreras y Candi, Francesch,</subfield>
    <subfield code="d">1862-1937.</subfield>
  </datafield>
  <datafield tag="245" ind1="1" ind2="0">
    <subfield code="a">Narraciones montserratinas.  </subfield>
    <subfield code="c">Con un prólogo del Rdo. P. Ignacio Casanovas.</subfield>
  </datafield>
  <datafield tag="260" ind1="0" ind2=" ">
    <subfield code="a">Barcelona, </subfield>
    <subfield code="b">F. J. Altés Alabart, </subfield>
    <subfield code="c">1911.</subfield>
  </datafield>
  <datafield tag="300" ind1=" " ind2=" ">
    <subfield code="a">417 p.  </subfield>
    <subfield code="b">ill.  </subfield>
    <subfield code="c">19 cm.</subfield>
  </datafield>
  <datafield tag="596" ind1=" " ind2=" ">
    <subfield code="a">38</subfield>
  </datafield>
  <datafield tag="651" ind1=" " ind2="0">
    <subfield code="a">Montserrat (Spain)</subfield>
  </datafield>
  <datafield tag="926" ind1=" " ind2=" ">
    <subfield code="a">UABARD</subfield>
    <subfield code="b">ON_SHELF</subfield>
    <subfield code="c">DP 302 M6 C32 1911</subfield>
    <subfield code="d">BOOK</subfield>
    <subfield code="f">1</subfield>
  </datafield>
</record>
